@article{Miri,
title={Pendulum},
author={Miriam Webster},
journal={Miriam Webster's Collegiate Encyclopedia},
volume={},
number={},
pages={1241},
year={2000},
publisher={Miriam Webster}
},
@article{Marr,
title={The Evolution of the Quartz Crystal Clock},
author={Marrison, Warren},
journal={Bell System Technical Journal},
volume={27},
number={},
pages={510--588},
year={1948},
publisher={Bell Laboratory}
},
@article{Morr,
title={Horologium Oscillatorium},
author={Huygens, Christian},
journal={17centurymaths},
volume={4},
number={3},
pages={2061--2070},
year={1673},
publisher={1centurymaths}
},

